@book{glas2004,
  title={Monte Carlo Methods in Financial Engineering},
  author={Paul Glasserman},
  publisher={Springer},
  year={2004},
  address={New York, NY, USA},
  isbn={0-387-00451-3}
}

@book{gelman2004,
author={Gelman, Andrew and Carlin, John B. and Stern, Hal S. and Rubin, Donald B.},
title={Bayesian Data Analysis},
publisher={Chapman \& Hall/CRC},
isbn={0-412-03991-5},
edition = {2nd ed.},
year={2004}
}

@article{Hesterb1995,
  title={Weighted Average Importance Sampling and Defensive Mixture Distributions},
  author={Tim Hesterberg},
  journal={Technometrics},
  year={1995},
  volume={37},
  pages={185-194}
}