@article{Sellke1983,
% @article{10.1093/biomet/70.2.315,
%    author={SELLKE, T. and SIEGMUND, D.},
    author={Sellke, T. and Siegmund, D.},
    title={Sequential analysis of the proportional hazards model},
    journal={Biometrika},
    volume={70},
    number={2},
    pages={315-326},
    year={1983},
    month={08},
    abstract ={For the proportional hazards model of survival analysis, an appropriate large-sample theory is developed for cases of staggered entry and sequential analysis. The principal techniques involve an approximation of the score process by a suitable martingale and a random rescaling of time based on the observed Fisher information. As a result we show that the score process of the partial likelihood and the maximum partial likelihood estimator behave asymptotically like Brownian motion.},
    issn={0006-3444},
    doi={10.1093/biomet/70.2.315},
%    url={https://doi.org/10.1093/biomet/70.2.315},
    eprint={https://academic.oup.com/biomet/article-pdf/70/2/315/632076/70-2-315.pdf},
}
@book{Lawless2002,
  title={Statistical Models and Methods for Lifetime Data, Second Edition},
  author={Lawless, Jerald F.},  
  isbn={9781118033005},
  series={Wiley Series in Probability and Statistics},
  year={2002},
  month={11},
  day={13},
  publisher={Wiley},
  doi={10.1002/9781118033005}
}
@book{ 
Ibrahim2004,
author={Ibrahim, Joseph G. and Chen, Ming-Hui and Sinha, Debajyoti},	
title={Bayesian Survival Analysis},
publisher={Springer},
year={2004},
month={12},
day={07},
isbn={9780387952772}
}
%@book{van1998asymptotic,
@book{Vaart1998asymp,
  title={Asymptotic Statistics},
  author={van der Vaart, Adrianus Willem},
  isbn={9780521496032},
%  lccn={98015176},
  series={Cambridge Series in Statistical and Probabilistic Mathematics, 3},
%  url={https://books.google.com/books?id=udhfQgAACAAJ},
  year={1998},
  publisher={Cambridge University Press}
}
@article { 
Bilias1997,
author={Yannis Bilias and Mingao Gu and Zhiliang Ying},	
title={Towards A General Asymptotic Theory For Cox Model With Staggered Entry},
journal={Annals of Statistics},
volume={25},
number={2},
pages={662--682},
year={1997}
}
@article{ 
1998Carlin,
author={Carlin, Bradley P. and Kadane, Joseph B. and Gelfand, Alan E.},
title={Approaches for Optimal Sequential Decision Analysis in Clinical Trials},
journal={Biometrics},
volume={54},
pages={964--975},
year={1998}
}
@article{ 
1994Jacobson,
author={Jacobson, M.A.  and Besch, C.L. and Child, C. and Hafner, R. and Matts, J.P. and Muth, K. and Wentworth, D.N. and Neaton, J.D. and Abrams, D.  and Rimland, D. and Perez, G. and Grant, I.H. and Sravolatz, L.D. and Brown, L.S. and Deyton, L. and Terry Beirn Community Programs for Clinical Research on AIDS},
title={Primary Prophylaxis with Pyrimethamine for Toxoplasmic Encephalitis in Patients with Advanced Humand Immunodeficiency Virus Disease: Results of a Randomized Trial},
journal={Journal of Infectious Diseases},
volume={169},
pages={384--394},
year={1994}	   
}	
@article{ 
1993Chaloner,
author={Chaloner, K. and Church,  T. and Louisand,  T.A. and Matts, J.P.},
title={Graphical Elicitation of a Prior Distribution for a Clinical Trial},
journal={The Statistician},
volume={42},
number={4},
pages={341--353},
year={1993}	   
}
